@article{1978Introductory,
  title   = {Introductory functional analysis with applications. Paperback edition.},
  author  = { Kreyszig, E. },
  journal = {J. Wiley},
  year    = {1978}
}
